<?xml version="1.0" encoding="UTF-8"?><collection><record><leader>03531ntm a2200409 a 4500</leader><controlfield tag="001">002631735</controlfield><controlfield tag="003">MiAaHDL</controlfield><controlfield tag="005">20190719000000.0</controlfield><controlfield tag="006">m        d        </controlfield><controlfield tag="007">cr bn ---auaua</controlfield><controlfield tag="008">930614q16351636xx            00||  ara d</controlfield><datafield tag="035" ind1=" " ind2=" "><subfield code="a">(MiU)002631735</subfield></datafield><datafield tag="035" ind1=" " ind2=" "><subfield code="a">sdr-miu002631735</subfield></datafield><datafield tag="035" ind1=" " ind2=" "><subfield code="a">(OCoLC)34366270</subfield></datafield><datafield tag="035" ind1=" " ind2=" "><subfield code="a">(RLIN)MIUH93-A86</subfield></datafield><datafield tag="040" ind1=" " ind2=" "><subfield code="a">MiU</subfield><subfield code="c">MiU</subfield><subfield code="e">appm</subfield><subfield code="d">MiU</subfield></datafield><datafield tag="100" ind1="1" ind2=" "><subfield code="6">880-01</subfield><subfield code="a">Ibn al-Qāḍī, Aḥmad ibn Muḥammad,</subfield><subfield code="d">1552 or 1553-1616.</subfield></datafield><datafield tag="245" ind1="1" ind2="0"><subfield code="6">880-02</subfield><subfield code="a">Kitāb tafjīr al-anhār khilal rawḍat al-azhār :</subfield><subfield code="k">manuscript,</subfield><subfield code="f">[1635 or 6] /</subfield><subfield code="c">taʾlīf al-shaykh al-imām al-ʻālim al-hammām sayyidī Muḥammad ibn al-Qāḍī.</subfield></datafield><datafield tag="300" ind1=" " ind2=" "><subfield code="a">1</subfield><subfield code="f">v. ([91] p.) ;</subfield><subfield code="c">21 cm.</subfield></datafield><datafield tag="500" ind1=" " ind2=" "><subfield code="a">In Maghribī script.</subfield></datafield><datafield tag="500" ind1=" " ind2=" "><subfield code="a">Text and title rubricated; marginal corrections in hand of copyist (same as that of Mich. Isl. Mss. 797,2-5).</subfield></datafield><datafield tag="500" ind1=" " ind2=" "><subfield code="a">Date and copyist's name in colophon: kamala ... ʻalá yad kātibihi li-nafsihi thumma li-man shāʾa Allāh min baʻdihi al-muḥtāj ilá luṭf rabbihi al-khafī Muḥammad ibn Muṣṭafá al-Azharī al-Ḥanafī fī sanat 1045.</subfield></datafield><datafield tag="500" ind1=" " ind2=" "><subfield code="a">[88-91].</subfield></datafield><datafield tag="500" ind1=" " ind2=" "><subfield code="a">[5] Arithmetical treatise, pp. [50-54]; [6] Wa-fī al-Maʻūnah li-Ibn al-Hāyim ..., p. [55]; [7] ʻAbd Allāh ibn Ḥajjāj ibn al-Yāsamīn, Lammā badat lī al-judhūr mughlaqah naẓamtu fī ajnāsatihā al-muḥaqqaqah urjūzah ..., pp. [56-57]; [8] ʻAlī ibn Aḥmad, Fa-qad saʾalanī ... al-sayyid ʻAbd Allāh ibn Saʻīd ... ʻalá kayfīyat ikhtiṣār al-ʻadad al-marsūm bi-al-ḥaṭṭ al-jasīm, pp. [58-65]; [9] Hādhā sharḥ qaṣīdat al-Ṭughrāʾī, pp. [66-88]; [10] Abū al-Suʻūd, Mīmīyah, pp.</subfield></datafield><datafield tag="500" ind1=" " ind2=" "><subfield code="a">Pp. [1-24]. Bound with: [2] Aḥmad ibn Muḥammad ibn al-Qāḍī, Iẓhār al-kunūz fī ḥall al-rumūz, pp. [24-31]; [3] ʻAbd al-Raḥmān ibn ʻAlī al-Tarīkī, Istikhrāj al-suʾāl min al-wafq al-murabbaʻ al-kāmil al-aqṭār, pp. [32-40]; [4] ʻAbd Allāh ibn Yūsuf ibn Hishām, Mūqidh al-adhhān wa-mūqiḍ al-wasnān, pp. [41-49];</subfield></datafield><datafield tag="510" ind1="4" ind2=" "><subfield code="a">Dict. Sci. Biog.,</subfield><subfield code="c">v. 1, p. 437b; EI2, v. iii, p. 814a</subfield></datafield><datafield tag="520" ind1=" " ind2=" "><subfield code="a">Commentary on Rawḍat al-azhār fī ʻilm waqt al-layl wa-al-nahār, "a poem on timekeeping compiled in 794 H [i.e. 1391 or 2]" by Abū Zayd ʻAbd al-Raḥmān ibn Abī Ghālib al-Jādarī. See David A. King, A Survey of the Scientific Manuscripts in the Egyptian National Library (Winona Lake, 1986), p. 139.</subfield></datafield><datafield tag="538" ind1=" " ind2=" "><subfield code="a">Mode of access: Internet.</subfield></datafield><datafield tag="541" ind1=" " ind2=" "><subfield code="d">07/--/36</subfield><subfield code="3">Manuscript</subfield><subfield code="a">McGregor Fund</subfield><subfield code="c">Purchase, 1933/34</subfield></datafield><datafield tag="545" ind1=" " ind2=" "><subfield code="a">Prolific and versatile Moroccan scholar, chiefly known for his biographical works; also achieved reknown for his knowledge of arithmetic and its use in Islamic law for the division of inheritances.</subfield></datafield><datafield tag="561" ind1=" " ind2=" "><subfield code="a">Purchased in Cairo, 1933/34.</subfield></datafield><datafield tag="600" ind1="1" ind2="4"><subfield code="a">Jādarī, Abū Zayd ʻAbd al-Raḥmān ibn Abī Ghālib,</subfield><subfield code="d">1375-1435.</subfield><subfield code="t">Rawḍat al-azhār fī ʻilm waqt al-layl wa-al-nahār.</subfield></datafield><datafield tag="650" ind1=" " ind2="0"><subfield code="a">Horology</subfield><subfield code="y">Early works to 1800.</subfield></datafield><datafield tag="650" ind1=" " ind2="0"><subfield code="a">Astronomy, Arab</subfield><subfield code="y">Early works to 1800.</subfield></datafield><datafield tag="650" ind1=" " ind2="0"><subfield code="a">Manuscripts, Arabic</subfield><subfield code="z">Michigan</subfield><subfield code="z">Ann Arbor.</subfield></datafield><datafield tag="773" ind1="0" ind2=" "><subfield code="a">Tracy W. McGregor Collection of Arabic, Persian, and Turkish Mathematical and Astronomical Manuscripts.</subfield><subfield code="7">unbc</subfield><subfield code="w">(CStRLIN)MIUH92-A20.</subfield></datafield><datafield tag="880" ind1="1" ind2="0"><subfield code="6">245-02/</subfield><subfield code="a">كتاب تفجير الأنهار خلل روضة الأزهار :</subfield><subfield code="k">manuscript،</subfield><subfield code="f">[1635 or 6] /</subfield><subfield code="c">تأليف الشيخ الإمام العالم الهمام سيدي محمد بن القاضي.</subfield></datafield><datafield tag="880" ind1="0" ind2=" "><subfield code="6">100-01/</subfield><subfield code="a">أحمد بن محمد بن القاضي.</subfield></datafield><datafield tag="CID" ind1=" " ind2=" "><subfield code="a">002631735</subfield></datafield><datafield tag="DAT" ind1="0" ind2=" "><subfield code="a">20190719102632.0</subfield><subfield code="b">20190719000000.0</subfield></datafield><datafield tag="DAT" ind1="1" ind2=" "><subfield code="a">20190719090653.0</subfield><subfield code="b">2019-07-19T16:10:43Z</subfield></datafield><datafield tag="DAT" ind1="2" ind2=" "><subfield code="a">2015-10-02T18:00:03Z</subfield></datafield><datafield tag="CAT" ind1=" " ind2=" "><subfield code="a">SDR-MIU</subfield><subfield code="d">EX LIBRIS - ALEPH</subfield><subfield code="l">prepare.pl-004-008</subfield></datafield><datafield tag="FMT" ind1=" " ind2=" "><subfield code="a">BK</subfield></datafield><datafield tag="HOL" ind1=" " ind2=" "><subfield code="0">sdr-miu002631735</subfield><subfield code="a">MiU</subfield><subfield code="b">SDR</subfield><subfield code="c">MIU</subfield><subfield code="p">mdp.39015078570127</subfield><subfield code="s">MIU</subfield><subfield code="1">002631735</subfield></datafield><datafield tag="974" ind1=" " ind2=" "><subfield code="b">MIU</subfield><subfield code="c">MIU</subfield><subfield code="d">20190719</subfield><subfield code="s">lit-dlps-dc</subfield><subfield code="u">mdp.39015078570127</subfield><subfield code="y">1636</subfield><subfield code="r">pd</subfield><subfield code="q">bib</subfield><subfield code="t">non-US bib date2 &lt; 1879</subfield></datafield></record></collection>